<?xml version="1.0" encoding="UTF-8"?><record xmlns="http://www.loc.gov/MARC21/slim" xmlns:cinclude="http://apache.org/cocoon/include/1.0" xmlns:zs="http://www.loc.gov/zing/srw/">
  <leader>00400cz  a2200133n  4500</leader>
  <controlfield tag="001">n  88651166 </controlfield>
  <controlfield tag="003">DLC</controlfield>
  <controlfield tag="005">19960102142328.8</controlfield>
  <controlfield tag="008">880725n| acannaab|          |n ana |||  </controlfield>
  <datafield tag="010" ind1=" " ind2=" ">
    <subfield code="a">n  88651166 </subfield>
  </datafield>
  <datafield tag="040" ind1=" " ind2=" ">
    <subfield code="a">DLC</subfield>
    <subfield code="c">DLC</subfield>
    <subfield code="d">DLC</subfield>
  </datafield>
  <datafield tag="110" ind1="2" ind2="0">
    <subfield code="a">Cogesult (Firm)</subfield>
  </datafield>
  <datafield tag="670" ind1=" " ind2=" ">
    <subfield code="a">nuc88-86908: Retail stores, 1983, c1984</subfield>
    <subfield code="b">(hdg. on CaQMM rept.: Cogesult (Firm); usage: Cogesult)</subfield>
  </datafield>
  <datafield tag="670" ind1=" " ind2=" ">
    <subfield code="a">NLC, 1-2-96</subfield>
    <subfield code="b">(Cogesult (Firm))</subfield>
  </datafield>
</record>